%YAML 1.1
%TAG !u! tag:unity3d.com,2011:
--- !u!1 &1998426581866010733
GameObject:
  m_ObjectHideFlags: 0
  m_CorrespondingSourceObject: {fileID: 0}
  m_PrefabInstance: {fileID: 0}
  m_PrefabAsset: {fileID: 0}
  serializedVersion: 6
  m_Component:
  - component: {fileID: 1998426581866010729}
  - component: {fileID: 1998426581866010734}
  - component: {fileID: 1998426581866010735}
  - component: {fileID: 1998426581866010732}
  - component: {fileID: 5385205589684050018}
  - component: {fileID: 2973583660613187411}
  - component: {fileID: 1111883390670164311}
  m_Layer: 10
  m_Name: Seed
  m_TagString: Seed
  m_Icon: {fileID: 0}
  m_NavMeshLayer: 0
  m_StaticEditorFlags: 0
  m_IsActive: 1
--- !u!4 &1998426581866010729
Transform:
  m_ObjectHideFlags: 0
  m_CorrespondingSourceObject: {fileID: 0}
  m_PrefabInstance: {fileID: 0}
  m_PrefabAsset: {fileID: 0}
  m_GameObject: {fileID: 1998426581866010733}
  m_LocalRotation: {x: 0, y: 0, z: 0, w: 1}
  m_LocalPosition: {x: 0.664289, y: 0.1682787, z: -6.79085}
  m_LocalScale: {x: 0.1, y: 0.1, z: 0.1}
  m_Children:
  - {fileID: 836501064}
  m_Father: {fileID: 0}
  m_RootOrder: 0
  m_LocalEulerAnglesHint: {x: 0, y: 0, z: 0}
--- !u!33 &1998426581866010734
MeshFilter:
  m_ObjectHideFlags: 0
  m_CorrespondingSourceObject: {fileID: 0}
  m_PrefabInstance: {fileID: 0}
  m_PrefabAsset: {fileID: 0}
  m_GameObject: {fileID: 1998426581866010733}
  m_Mesh: {fileID: 10207, guid: 0000000000000000e000000000000000, type: 0}
--- !u!23 &1998426581866010735
MeshRenderer:
  m_ObjectHideFlags: 0
  m_CorrespondingSourceObject: {fileID: 0}
  m_PrefabInstance: {fileID: 0}
  m_PrefabAsset: {fileID: 0}
  m_GameObject: {fileID: 1998426581866010733}
  m_Enabled: 0
  m_CastShadows: 0
  m_ReceiveShadows: 0
  m_DynamicOccludee: 1
  m_MotionVectors: 1
  m_LightProbeUsage: 0
  m_ReflectionProbeUsage: 0
  m_RenderingLayerMask: 1
  m_RendererPriority: 0
  m_Materials:
  - {fileID: 2100000, guid: 7c87bac238416354bb5b34316a2ed7aa, type: 2}
  m_StaticBatchInfo:
    firstSubMesh: 0
    subMeshCount: 0
  m_StaticBatchRoot: {fileID: 0}
  m_ProbeAnchor: {fileID: 0}
  m_LightProbeVolumeOverride: {fileID: 0}
  m_ScaleInLightmap: 1
  m_PreserveUVs: 0
  m_IgnoreNormalsForChartDetection: 0
  m_ImportantGI: 0
  m_StitchLightmapSeams: 0
  m_SelectedEditorRenderState: 3
  m_MinimumChartSize: 4
  m_AutoUVMaxDistance: 0.5
  m_AutoUVMaxAngle: 89
  m_LightmapParameters: {fileID: 0}
  m_SortingLayerID: 0
  m_SortingLayer: 0
  m_SortingOrder: 0
--- !u!135 &1998426581866010732
SphereCollider:
  m_ObjectHideFlags: 0
  m_CorrespondingSourceObject: {fileID: 0}
  m_PrefabInstance: {fileID: 0}
  m_PrefabAsset: {fileID: 0}
  m_GameObject: {fileID: 1998426581866010733}
  m_Material: {fileID: 0}
  m_IsTrigger: 0
  m_Enabled: 1
  serializedVersion: 2
  m_Radius: 0.5
  m_Center: {x: 0, y: 0, z: 0}
--- !u!54 &5385205589684050018
Rigidbody:
  m_ObjectHideFlags: 0
  m_CorrespondingSourceObject: {fileID: 0}
  m_PrefabInstance: {fileID: 0}
  m_PrefabAsset: {fileID: 0}
  m_GameObject: {fileID: 1998426581866010733}
  serializedVersion: 2
  m_Mass: 1
  m_Drag: 0
  m_AngularDrag: 0.05
  m_UseGravity: 1
  m_IsKinematic: 0
  m_Interpolate: 0
  m_Constraints: 0
  m_CollisionDetection: 0
--- !u!114 &2973583660613187411
MonoBehaviour:
  m_ObjectHideFlags: 0
  m_CorrespondingSourceObject: {fileID: 0}
  m_PrefabInstance: {fileID: 0}
  m_PrefabAsset: {fileID: 0}
  m_GameObject: {fileID: 1998426581866010733}
  m_Enabled: 1
  m_EditorHideFlags: 0
  m_Script: {fileID: 11500000, guid: a330de6699b10b14b817240531af0022, type: 3}
  m_Name: 
  m_EditorClassIdentifier: 
  m_flower: {fileID: 9022692122009872949, guid: 422d28ad710a6464ca460e839586b64e,
    type: 3}
--- !u!114 &1111883390670164311
MonoBehaviour:
  m_ObjectHideFlags: 0
  m_CorrespondingSourceObject: {fileID: 0}
  m_PrefabInstance: {fileID: 0}
  m_PrefabAsset: {fileID: 0}
  m_GameObject: {fileID: 1998426581866010733}
  m_Enabled: 1
  m_EditorHideFlags: 0
  m_Script: {fileID: 11500000, guid: a5da21901da9fb94083da51e98cb058f, type: 3}
  m_Name: 
  m_EditorClassIdentifier: 
  time: 5
--- !u!1001 &836625610
PrefabInstance:
  m_ObjectHideFlags: 0
  serializedVersion: 2
  m_Modification:
    m_TransformParent: {fileID: 1998426581866010729}
    m_Modifications:
    - target: {fileID: 100002, guid: 9cc71e8b32e50da4eb386f09a53f0875, type: 3}
      propertyPath: m_Name
      value: PUSHILIN_acorn
      objectReference: {fileID: 0}
    - target: {fileID: 100002, guid: 9cc71e8b32e50da4eb386f09a53f0875, type: 3}
      propertyPath: m_Layer
      value: 10
      objectReference: {fileID: 0}
    - target: {fileID: 100000, guid: 9cc71e8b32e50da4eb386f09a53f0875, type: 3}
      propertyPath: m_Layer
      value: 10
      objectReference: {fileID: 0}
    - target: {fileID: 400002, guid: 9cc71e8b32e50da4eb386f09a53f0875, type: 3}
      propertyPath: m_LocalPosition.x
      value: -0.01395
      objectReference: {fileID: 0}
    - target: {fileID: 400002, guid: 9cc71e8b32e50da4eb386f09a53f0875, type: 3}
      propertyPath: m_LocalPosition.y
      value: -0.047257
      objectReference: {fileID: 0}
    - target: {fileID: 400002, guid: 9cc71e8b32e50da4eb386f09a53f0875, type: 3}
      propertyPath: m_LocalPosition.z
      value: 0.027511
      objectReference: {fileID: 0}
    - target: {fileID: 400002, guid: 9cc71e8b32e50da4eb386f09a53f0875, type: 3}
      propertyPath: m_LocalRotation.x
      value: 0
      objectReference: {fileID: 0}
    - target: {fileID: 400002, guid: 9cc71e8b32e50da4eb386f09a53f0875, type: 3}
      propertyPath: m_LocalRotation.y
      value: -0
      objectReference: {fileID: 0}
    - target: {fileID: 400002, guid: 9cc71e8b32e50da4eb386f09a53f0875, type: 3}
      propertyPath: m_LocalRotation.z
      value: -0
      objectReference: {fileID: 0}
    - target: {fileID: 400002, guid: 9cc71e8b32e50da4eb386f09a53f0875, type: 3}
      propertyPath: m_LocalRotation.w
      value: 1
      objectReference: {fileID: 0}
    - target: {fileID: 400002, guid: 9cc71e8b32e50da4eb386f09a53f0875, type: 3}
      propertyPath: m_RootOrder
      value: 0
      objectReference: {fileID: 0}
    - target: {fileID: 400002, guid: 9cc71e8b32e50da4eb386f09a53f0875, type: 3}
      propertyPath: m_LocalEulerAnglesHint.x
      value: 0
      objectReference: {fileID: 0}
    - target: {fileID: 400002, guid: 9cc71e8b32e50da4eb386f09a53f0875, type: 3}
      propertyPath: m_LocalEulerAnglesHint.y
      value: 0
      objectReference: {fileID: 0}
    - target: {fileID: 400002, guid: 9cc71e8b32e50da4eb386f09a53f0875, type: 3}
      propertyPath: m_LocalEulerAnglesHint.z
      value: 0
      objectReference: {fileID: 0}
    - target: {fileID: 400002, guid: 9cc71e8b32e50da4eb386f09a53f0875, type: 3}
      propertyPath: m_LocalScale.x
      value: 0.3107598
      objectReference: {fileID: 0}
    - target: {fileID: 400002, guid: 9cc71e8b32e50da4eb386f09a53f0875, type: 3}
      propertyPath: m_LocalScale.y
      value: 0.3107598
      objectReference: {fileID: 0}
    - target: {fileID: 400002, guid: 9cc71e8b32e50da4eb386f09a53f0875, type: 3}
      propertyPath: m_LocalScale.z
      value: 0.3107598
      objectReference: {fileID: 0}
    - target: {fileID: 2300000, guid: 9cc71e8b32e50da4eb386f09a53f0875, type: 3}
      propertyPath: m_Materials.Array.data[0]
      value: 
      objectReference: {fileID: 2100000, guid: 6916a351a83038541a2d8cfc6823a314, type: 2}
    m_RemovedComponents: []
  m_SourcePrefab: {fileID: 100100000, guid: 9cc71e8b32e50da4eb386f09a53f0875, type: 3}
--- !u!4 &836501064 stripped
Transform:
  m_CorrespondingSourceObject: {fileID: 400002, guid: 9cc71e8b32e50da4eb386f09a53f0875,
    type: 3}
  m_PrefabInstance: {fileID: 836625610}
  m_PrefabAsset: {fileID: 0}
